@inproceedings{levine2013guided,
  title={Guided policy search},
  author={Levine, Sergey and Koltun, Vladlen},
  booktitle={International Conference on Machine Learning},
  pages={1--9},
  year={2013}
}

@inproceedings{toussaint2009robot,
	title={Robot trajectory optimization using approximate inference},
	author={Toussaint, Marc},
	booktitle={Proceedings of the 26th annual international conference on machine learning},
	pages={1049--1056},
	year={2009}
}

@article{mnih2013playing,
	title={Playing atari with deep reinforcement learning},
	author={Mnih, Volodymyr and Kavukcuoglu, Koray and Silver, David and Graves, Alex and Antonoglou, Ioannis and Wierstra, Daan and Riedmiller, Martin},
	journal={arXiv preprint arXiv:1312.5602},
	year={2013}
}

@article{kingma2013auto,
	title={Auto-encoding variational bayes},
	author={Kingma, Diederik P and Welling, Max},
	journal={arXiv preprint arXiv:1312.6114},
	year={2013}
}

@inproceedings{mohamed2015variational,
	title={Variational information maximisation for intrinsically motivated reinforcement learning},
	author={Mohamed, Shakir and Rezende, Danilo Jimenez},
	booktitle={Advances in neural information processing systems},
	pages={2125--2133},
	year={2015}
}

@inproceedings{schmidhuber1991curious,
	title={Curious model-building control systems},
	author={Schmidhuber, J{\"u}rgen},
	booktitle={Proc. international joint conference on neural networks},
	pages={1458--1463},
	year={1991}
}

@book{sutton2018reinforcement,
	title={Reinforcement learning: An introduction},
	author={Sutton, Richard S and Barto, Andrew G},
	year={2018},
	publisher={MIT press}
}

@article{miall1996forward,
	title={Forward models for physiological motor control},
	author={Miall, R Chris and Wolpert, Daniel M},
	journal={Neural networks},
	volume={9},
	number={8},
	pages={1265--1279},
	year={1996},
	publisher={Elsevier}
}

@article{bays2007computational,
	title={Computational principles of sensorimotor control that minimize uncertainty and variability},
	author={Bays, Paul M and Wolpert, Daniel M},
	journal={The Journal of physiology},
	volume={578},
	number={2},
	pages={387--396},
	year={2007},
	publisher={Wiley Online Library}
}

@inproceedings{kaelbling1993learning,
	title={Learning to achieve goals},
	author={Kaelbling, Leslie Pack},
	booktitle={IJCAI},
	pages={1094--1099},
	year={1993},
	organization={Citeseer}
}

@inproceedings{bellemare2016unifying,
	title={Unifying count-based exploration and intrinsic motivation},
	author={Bellemare, Marc and Srinivasan, Sriram and Ostrovski, Georg and Schaul, Tom and Saxton, David and Munos, Remi},
	booktitle={Advances in neural information processing systems},
	pages={1471--1479},
	year={2016}
}

@article{jordan1992forward,
	title={Forward models: Supervised learning with a distal teacher},
	author={Jordan, Michael I and Rumelhart, David E},
	journal={Cognitive science},
	volume={16},
	number={3},
	pages={307--354},
	year={1992},
	publisher={Wiley Online Library}
}

@article{kurutach2018model,
	title={Model-ensemble trust-region policy optimization},
	author={Kurutach, Thanard and Clavera, Ignasi and Duan, Yan and Tamar, Aviv and Abbeel, Pieter},
	journal={arXiv preprint arXiv:1802.10592},
	year={2018}
}

@article{mishra2017prediction,
	title={Prediction and control with temporal segment models},
	author={Mishra, Nikhil and Abbeel, Pieter and Mordatch, Igor},
	journal={arXiv preprint arXiv:1703.04070},
	year={2017}
}

@article{haarnoja2017reinforcement,
	title={Reinforcement learning with deep energy-based policies},
	author={Haarnoja, Tuomas and Tang, Haoran and Abbeel, Pieter and Levine, Sergey},
	journal={arXiv preprint arXiv:1702.08165},
	year={2017}
}
@article{lee2019efficient,
	title={Efficient exploration via state marginal matching},
	author={Lee, Lisa and Eysenbach, Benjamin and Parisotto, Emilio and Xing, Eric and Levine, Sergey and Salakhutdinov, Ruslan},
	journal={arXiv preprint arXiv:1906.05274},
	year={2019}
}

@article{friston2010free,
	title={The free-energy principle: a unified brain theory?},
	author={Friston, Karl},
	journal={Nature reviews neuroscience},
	volume={11},
	number={2},
	pages={127--138},
	year={2010},
	publisher={Nature publishing group}
}

@inproceedings{levine2013guided,
	title={Guided policy search},
	author={Levine, Sergey and Koltun, Vladlen},
	booktitle={International Conference on Machine Learning},
	pages={1--9},
	year={2013}
}

@article{fox2015taming,
	title={Taming the noise in reinforcement learning via soft updates},
	author={Fox, Roy and Pakman, Ari and Tishby, Naftali},
	journal={arXiv preprint arXiv:1512.08562},
	year={2015}
}

@article{haarnoja2017reinforcement,
	title={Reinforcement learning with deep energy-based policies},
	author={Haarnoja, Tuomas and Tang, Haoran and Abbeel, Pieter and Levine, Sergey},
	journal={arXiv preprint arXiv:1702.08165},
	year={2017}
}